@article{weiss2004mining,
  title={Mining with rarity: a unifying framework},
  author={Weiss, Gary M},
  journal={ACM Sigkdd Explorations Newsletter},
  volume={6},
  number={1},
  pages={7--19},
  year={2004},
  publisher={ACM}
}
@book{quinlan2014c4,
  title={C4. 5: programs for machine learning},
  author={Quinlan, J Ross},
  year={2014},
  publisher={Elsevier}
}
@book{Breiman:2253780,
      author        = {Breiman, Leo and Friedman, Jerome H and Olshen, Richard A
                       and Stone, Charles J},
      title         = {Classification and regression trees},
      publisher     = {Wadsworth \& Brooks/Cole Advanced Books \& Software},
      series        = {The Wadsworth statistics/probability series},
      year          = {1984}
}

@inproceedings{gal2016dropout,
  title={Dropout as a Bayesian approximation: Representing model uncertainty in deep learning},
  author={Gal, Yarin and Ghahramani, Zoubin},
  booktitle={international conference on machine learning},
  pages={1050--1059},
  year={2016}
}

@article{Attenberg:2015,
 author = {Attenberg, Joshua and Ipeirotis, Panos and Provost, Foster},
 title = {Beat the Machine: Challenging Humans to Find a Predictive Model's \&Ldquo;Unknown Unknowns\&Rdquo;},
 journal = {J. Data and Information Quality},
 volume = {6},
 number = {1},
 year = {2015},
 pages = {1:1--1:17},
} 
@article{bartlett2008,
  title={Classification with a reject option using a hinge loss},
  author={Bartlett, Peter L and Wegkamp, Marten H},
  journal={Journal of Machine Learning Research},
  volume={9},
  number={Aug},
  pages={1823--1840},
  year={2008}
}

@article{varshney2013practical,
  title={Practical ensemble classification error bounds for different operating points},
  author={Varshney, Kush R and Prenger, Ryan J and Marlatt, Tracy L and Chen, Barry Y and Hanley, William G},
  journal={IEEE Transactions on Knowledge and Data Engineering},
  volume={25},
  number={11},
  pages={2590--2601},
  year={2013},
  publisher={IEEE}
}




@article{seeger2004gaussian,
  title={Gaussian processes for machine learning},
  author={Seeger, Matthias},
  journal={International journal of neural systems},
  volume={14},
  number={02},
  pages={69--106},
  year={2004},
  publisher={World Scientific}
}


@book{neal2012bayesian,
  title={Bayesian learning for neural networks},
  author={Neal, Radford M},
  volume={118},
  year={2012},
  publisher={Springer Science \& Business Media}
}


@article{paisley2012variational,
  title={Variational Bayesian inference with stochastic search},
  author={Paisley, John and Blei, David and Jordan, Michael},
  journal={arXiv preprint arXiv:1206.6430},
  year={2012}
}



@article{kingma2013auto,
  title={Auto-encoding variational bayes},
  author={Kingma, Diederik P and Welling, Max},
  journal={arXiv preprint arXiv:1312.6114},
  year={2013}
}

@inproceedings{gal2016dropout,
  title={Dropout as a Bayesian approximation: Representing model uncertainty in deep learning},
  author={Gal, Yarin and Ghahramani, Zoubin},
  booktitle={international conference on machine learning},
  pages={1050--1059},
  year={2016}
}



@book{Vovk:2005,
 author = {Vovk, Vladimir and Gammerman, Alex and Shafer, Glenn},
 title = {Algorithmic Learning in a Random World},
 year = {2005},
 isbn = {0387001522},
 publisher = {Springer-Verlag},
 address = {Berlin, Heidelberg},
} 

@article{vovk2009line,
  title={On-line predictive linear regression},
  author={Vovk, Vladimir and Nouretdinov, Ilia and Gammerman, Alex and others},
  journal={The Annals of Statistics},
  volume={37},
  number={3},
  pages={1566--1590},
  year={2009},
  publisher={Institute of Mathematical Statistics}
}
@article{lei2018distribution,
  title={Distribution-free predictive inference for regression},
  author={Lei, Jing and Gâ€™Sell, Max and Rinaldo, Alessandro and Tibshirani, Ryan J and Wasserman, Larry},
  journal={Journal of the American Statistical Association},
  pages={1--18},
  year={2018},
  publisher={Taylor \& Francis}
}

@incollection{weiss1995learning,
  title={Learning with rare cases and small disjuncts},
  author={Weiss, Gary M},
  booktitle={Machine Learning Proceedings 1995},
  pages={558--565},
  year={1995},
  publisher={Elsevier}
}
@article{ISO16,
  author    = {Rick Salay and
               Rodrigo Queiroz and
               Krzysztof Czarnecki},
  title     = {An Analysis of {ISO} 26262: Using Machine Learning Safely in Automotive
               Software},
  journal   = {CoRR},
  volume    = {abs/1709.02435},
  year      = {2017},
  url       = {http://arxiv.org/abs/1709.02435},
  archivePrefix = {arXiv},
  eprint    = {1709.02435},
}


@misc{Dua:2017 ,
author = "Dheeru, Dua and Karra Taniskidou, Efi",
year = "2017",
title = "{UCI} Machine Learning Repository",
url = "http://archive.ics.uci.edu/ml",
institution = "University of California, Irvine, School of Information and Computer Sciences" }


@misc{SARCOS,
institution = "Robotics Company SARCOS",
  title = "SARCOS",
  url= "http://www.gaussianprocess.org/gpml/data/"
}

\footnote{The benchmark data are publicly available from }